@ARTICLE{Eddington1919,
       author = {{Eddington}, A.~S.},
        title = "{The total eclipse of 1919 May 29 and the influence of gravitation on light}",
      journal = {The Observatory},
         year = 1919,
        month = mar,
       volume = {42},
        pages = {119-122},
       adsurl = {https://ui.adsabs.harvard.edu/abs/1919Obs....42..119E},
      adsnote = {Provided by the SAO/NASA Astrophysics Data System}
}

@ARTICLE{Einstein1915,
       author = {{Einstein}, Albert},
        title = "{Die Feldgleichungen der Gravitation}",
      journal = {Sitzungsberichte der K{\"o}niglich Preu{\ss}ischen Akademie der Wissenschaften (Berlin)},
         year = 1915,
        month = jan,
        pages = {844-847},
       adsurl = {https://ui.adsabs.harvard.edu/abs/1915SPAW.......844E},
      adsnote = {Provided by the SAO/NASA Astrophysics Data System}
}


@article{Dyson1920,
       author = {{Dyson}, F.~W. and {Eddington}, A.~S. and {Davidson}, C.},
        title = "{A Determination of the Deflection of Light by the Sun's Gravitational Field, from Observations Made at the Total Eclipse of May 29, 1919}",
      journal = {Philosophical Transactions of the Royal Society of London Series A},
         year = 1920,
        month = jan,
       volume = {220},
        pages = {291-333},
          doi = {10.1098/rsta.1920.0009},
       adsurl = {https://ui.adsabs.harvard.edu/abs/1920RSPTA.220..291D},
      adsnote = {Provided by the SAO/NASA Astrophysics Data System}
}

@article{Zwicky1937,
  title = {Nebulae as Gravitational Lenses},
  author = {Zwicky, F.},
  journal = {Phys. Rev.},
  volume = {51},
  issue = {4},
  pages = {290--290},
  numpages = {0},
  year = {1937},
  month = {Feb},
  publisher = {American Physical Society},
  doi = {10.1103/PhysRev.51.290},
  url = {https://link.aps.org/doi/10.1103/PhysRev.51.290}
}

@article{Einstein1936,
author = {Einstein, Albert},
doi = {10.1126/science.84.2188.506},
journal = {Science},
number = {2188},
pages = {506--507},
title = {{Lens-Like Action of a Star by the Deviation of Light in the Gravitational Field}},
url = {https://www.science.org/doi/abs/10.1126/science.84.2188.506},
volume = {84},
year = {1936}
}

@book{Meneghetti2013,
  author        = {Meneghetti, Massimo},
  title         = {Introduction to Gravitational Lensing},
  year          = {2013},
  publisher	= {Springer Cham},
  doi           = {10.1007/978-3-030-73582-1},
  issn		= {0075-8450}
}

@book{Carroll2003,
  added-at = {2010-01-21T15:47:21.000+0100},
  asin = {0805387323},
  author = {Carroll, Sean},
  biburl = {https://www.bibsonomy.org/bibtex/2a9db5ea9854d4856475d8a4254003365/random3f},
  description = {Spacetime and Geometry: An Introduction to General Relativity (9780805387322): Sean Carroll: Books},
  dewey = {530.11},
  ean = {9780805387322},
  interhash = {e69a446e3a84b681ad80f7979d7424a1},
  intrahash = {a9db5ea9854d4856475d8a4254003365},
  isbn = {0805387323},
  keywords = {GeneralRelativity Geometry books spacetime},
  publisher = {Benjamin Cummings},
  timestamp = {2010-01-21T15:47:21.000+0100},
  title = {Spacetime and Geometry: An Introduction to General Relativity},
  year = 2003
}


@book{Weinberg2008,
    author = {Weinberg, Steven},
    title = {Cosmology},
    publisher = {Oxford University Press},
    isbn = {978-0-19-852682-7},
    year = {2008}
}

@book{Dodelson2003,
    author = {Dodelson, Scott},
    title = {Modern Cosmology},
    publisher = {Academic Press},
    isbn = {978-0122191411},
    year = {2003}
}

@book{Rindler2006,
    author = {Rindler, Wolfgang},
    title = {Relativity: Special, General, and Cosmological},
    publisher = {Oxford University Press},
    isbn = {978-0198567325},
    year = {2006}
}

@book{Lucchin2002,
    author = {{Lucchin}, Francesco and {Coles}, Peter},
    title = {Cosmology},
    subtitle = {The Origin and Evolution of Cosmic Structure},
    publisher = {Wiley},
    isbn = {978-0471489092},
    year = {2002}
}


@book{Weinberg1972,
    author = {{Weinberg}, Steven},
    title = {Gravitation and Cosmology},
    subtitle = {Principles and Applications of the General Theory of Relativity},
    publisher = {Wiley},
    isbn = {978-0471925675},
    year = {1972}
}

@ARTICLE{Walsh1979,
       author = {{Walsh}, D. and {Carswell}, R.~F. and {Weymann}, R.~J.},
        title = "{0957+561 A, B: twin quasistellar objects or gravitational lens?}",
      journal = {\nat},
     keywords = {Emission Spectra, Gravitational Lenses, Quasars, Stellar Spectra, Absorption Spectra, Radio Spectroscopy, Spectrum Analysis, Astrophysics, EMISSION SPECTRA, GRAVITATIONAL LENSES, QUASARS, STELLAR SPECTRA, ABSORPTION SPECTRA, RADIO SPECTROSCOPY, SPECTRUM ANALYSIS},
         year = 1979,
        month = may,
       volume = {279},
        pages = {381-384},
          doi = {10.1038/279381a0},
       adsurl = {https://ui.adsabs.harvard.edu/abs/1979Natur.279..381W},
      adsnote = {Provided by the SAO/NASA Astrophysics Data System}
}


@ARTICLE{Goldfield2020,
       author = {{Goldfeld}, Ziv and {Polyanskiy}, Yury},
        title = "{The Information Bottleneck Problem and Its Applications in Machine Learning}",
      journal = {arXiv e-prints},
     keywords = {Computer Science - Machine Learning, Statistics - Machine Learning},
         year = 2020,
        month = apr,
          eid = {arXiv:2004.14941},
        pages = {arXiv:2004.14941},
archivePrefix = {arXiv},
       eprint = {2004.14941},
 primaryClass = {cs.LG},
       adsurl = {https://ui.adsabs.harvard.edu/abs/2020arXiv200414941G},
      adsnote = {Provided by the SAO/NASA Astrophysics Data System}
}

@inproceedings{Tishby1999,
  added-at = {2017-09-27T13:23:06.000+0200},
  author = {Tishby, Naftali and Pereira, Fernando C. and Bialek, William},
  biburl = {https://www.bibsonomy.org/bibtex/2c61af806ab3a8fe92154753e84736818/mo_xime},
  booktitle = {Proc. of the 37-th Annual Allerton Conference on Communication, Control and Computing},
  comment = {cte: information bottleneck},
  interhash = {15bd5efbf394791da00b09839b9a5757},
  intrahash = {c61af806ab3a8fe92154753e84736818},
  keywords = {information},
  pages = {368-377},
  timestamp = {2017-09-27T15:48:05.000+0200},
  title = {The information bottleneck method},
  url = {https://arxiv.org/abs/physics/0004057},
  year = 1999
}

@article{Shannon1948,
  added-at = {2021-09-19T18:40:37.000+0200},
  author = {Shannon, Claude Elwood},
  biburl = {https://www.bibsonomy.org/bibtex/29f88587b33c82f692b61d129eb2f2517/steschum},
  interhash = {754130207906fcec16a53d330eeff348},
  intrahash = {9f88587b33c82f692b61d129eb2f2517},
  journal = {The Bell System Technical Journal},
  keywords = {imported},
  pages = {379--423},
  timestamp = {2021-09-19T18:41:56.000+0200},
  title = {A Mathematical Theory of Communication},
  url = {http://plan9.bell-labs.com/cm/ms/what/shannonday/shannon1948.pdf},
  urldate = {2003-04-22},
  volume = 27,
  year = 1948
}

@book{Cover2006,
author = {Cover, Thomas M. and Thomas, Joy A.},
title = {Elements of Information Theory (Wiley Series in Telecommunications and Signal Processing)},
year = {2006},
isbn = {0471241954},
publisher = {Wiley-Interscience},
address = {USA}
}
